% This file was created with JabRef 2.6.
% Encoding: UTF8

@ARTICLE{t00,
  author = {Volker, Seeker},
  year = {2013},
  title = {Process scheduling in Linux},
  journaltitle = {University of Edinburgh},
  url = {http://criticalblue.com/news/wp-content/uploads/2013/12/linux\_scheduler\_notes\_final.pdf}, 
  hyphenation = {english} 
}

@ARTICLE{t01,
  author = {Dokumentace k plánovači úloh},
  title = {www.kernel.org dokumentace},
  url = {www.kernel.org}
  hyphenation={english}
}

@ARTICLE{t02,
  author = {Johnes, Tim M.},
  year = {2009},
  title = {Inside the Linux 2.6 Completely Fair Scheduler},
  url = {http://www.ibm.com/developerworks/library/l-completely-fair-scheduler/}, 
  hyphenation = {english} 
}

@ARTICLE{t03,
  author = {Chandandeep, Singh Pabla},
  year = {2009},
  title = {Completely Fair Scheduler},
  url = {http://www.linuxjournal.com/magazine/completely-fair-scheduler}, 
  hyphenation = {english} 
}

@ARTICLE{t04,
  author = {Rik van Riel},
  year = {2013},
  title = {Internals of NUMA balancing in CFS - Interní RedHat prezentace jednoho z vývojářů CFS},
  hyphenation = {english} 
}

@ARTICLE{t05,
  title = {Emaily z emailových konferencí z lwn.net a lkml.org},
  hyphenation = {english} 
}

